<?xml version="1.0" encoding="UTF-8"?><collection xmlns="http://www.loc.gov/MARC21/slim"><record><leader>00369nam--2200133-i-4500</leader><controlfield tag="001">000035434</controlfield><controlfield tag="002">20161230</controlfield><controlfield tag="005">20161230201040</controlfield><controlfield tag="008">060222s1000------------r-----000-0-eng-d</controlfield><datafield ind1=" " ind2=" " tag="080"><subfield code="a">551</subfield></datafield><datafield ind1=" " ind2=" " tag="100"><subfield code="a">Obrucev, V.A</subfield></datafield><datafield ind1=" " ind2=" " tag="245"><subfield code="a">Bazele geologiei. (pe intelesul tuturor)</subfield></datafield><datafield ind1=" " ind2=" " tag="260"><subfield code="a">]Bucuresti], Ed.De Stat Pentru Lit.Stiintifica, 240[-244]P.Cu Ilustr.+ Erata</subfield></datafield><datafield ind1=" " ind2=" " tag="852"><subfield code="a">2277</subfield></datafield></record></collection>